@inproceedings{conf/popl/Hazelnut17,
  author    = {Cyrus Omar and Ian Voysey and Michael Hilton and Jonathan Aldrich and Matthew A. Hammer},
  title     = {{Hazelnut: A Bidirectionally Typed Structure Editor Calculus}},
  booktitle = {44th {ACM} {SIGPLAN} Symposium on
               Principles of Programming Languages ({POPL} 2017)},
  year      = {2017}
}

@article{conf/popl/HazelnutLive19,
  author    = {Cyrus Omar and
               Ian Voysey and
               Ravi Chugh and
               Matthew A. Hammer},
  title     = {Live Functional Programming with Typed Holes},
  journal   = {{PACMPL}},
  volume    = {3},
  number    = {{POPL}},
  _pages     = {14:1--14:28},
  year      = {2019},
  url       = {http://doi.acm.org/10.1145/3290327},
  doi       = {10.1145/3290327},
}

@article{vouillon2014bytecode,
  title={From bytecode to {JavaScript}: the {Js\_of\_ocaml} compiler},
  author={Vouillon, J{\'e}r{\^o}me and Balat, Vincent},
  journal={Software: Practice and Experience},
  volume={44},
  number={8},
  pages={951--972},
  year={2014},
  publisher={Wiley Online Library}
}

@Comment Citing a GitHub repo: Comment https://academia.stackexchange.com/a/14015/100536
@misc{Hazel2022,
  author = {hazelgrove},
  title = {hazel},
  year = {2022},
  publisher = {GitHub},
  journal = {GitHub repository},
  howpublished = {\url{https://github.com/hazelgrove/hazel}},
  commit = {614e28d2baa6a948ad36a355c8b190c246631918}
}

@misc{hazelc,
  author = {hazelgrove},
  title = {hazelc branch in the hazel repository},
  year = {2022},
  publisher = {GitHub},
  journal = {GitHub repository},
  howpublished = {\url{https://github.com/hazelgrove/hazel/tree/hazelc}},
  commit = {401137c75a2711b531c44156f3cacfd1d922ffe6}
}

@misc{smallStep,
  author = {hazelgrove},
  title = {smallStep branch in the hazel repository},
  year = {2021},
  publisher = {GitHub},
  journal = {GitHub repository},
  howpublished = {\url{https://github.com/hazelgrove/hazel/tree/smallStep}},
  commit = {5477adfbcb6086d2aac7c98f9dd35e6cf4a5d996}
}


@misc{agda2017,
  author = {hazelgrove},
  title = {agda-popl17},
  year = {2017},
  publisher = {GitHub},
  journal = {GitHub repository},
  howpublished = {\url{https://github.com/hazelgrove/agda-popl17}},
  commit = {db3d21a1e3f17ef77ad557ed12374979f381b6b7}
}

@misc{agda-dynamics,
  author = {hazelgrove},
  title = {hazelnut-dynamics-agda},
  year = {2019},
  publisher = {GitHub},
  journal = {GitHub repository},
  howpublished = {\url{https://github.com/hazelgrove/hazelnut-dynamics-agda}},
  commit = {229dfb06ea51ebe91cb3b1c973c2f2792e66797c}
}


@misc{HazelDemo2022,
  author={hazelgrove},
  title={Hazel \mintinline{text}{dev} branch live demonstration},
  howpublished = {\url{https://hazel.org/build/dev/}},
  journal={Hazel},
  publisher={GitHub Pages},
  year={2022},
  month={Mar}
}

@Comment https://www.bibsonomy.org/bibtex/2540b2a8f4a1fffbbfe439ad1b91247ac/yijunyu
@book{aho86,
  added-at = {2007-03-17T15:34:03.000+0100},
  annote = {Mentions (mostly) viable prefix property. Earlier dragon book is more clear on this. Also mentioned in Graham-Rhodes paper.},
  author = {Aho, Alfred V. and Sethi, Ravi and Ullman, Jeffrey D.},
  biburl = {https://www.bibsonomy.org/bibtex/2540b2a8f4a1fffbbfe439ad1b91247ac/yijunyu},
  citeulike-article-id = {608947},
  interhash = {069cab756cb575510f247044b597377d},
  intrahash = {540b2a8f4a1fffbbfe439ad1b91247ac},
  keywords = {compilation compiler},
  priority = {0},
  publisher = {Addison-Wesley},
  timestamp = {2007-03-17T15:34:11.000+0100},
  title = {{Compilers, Principles, Techniques, and Tools}},
  year = 1986
}

@inproceedings{harper2000type,
  title={A type-theoretic interpretation of {S}tandard {ML}.},
  author={Harper, Robert and Stone, Christopher A},
  booktitle={Proof, Language, and Interaction},
  pages={341--388},
  year={2000}
}

@article{sestoft2002runtime,
  title={Runtime code generation with {JVM} and {CLR}},
  author={Sestoft, Peter},
  journal={Available at \url{http://www.dina.dk/sestoft/publications.html}},
  year={2002}
}

@article{plotkin1975call,
  title={Call-by-name, call-by-value and the $\lambda$-calculus},
  author={Plotkin, Gordon D.},
  journal={Theoretical computer science},
  volume={1},
  number={2},
  pages={125--159},
  year={1975},
  publisher={Elsevier}
}

@article{macqueen2020history,
  title={The history of {S}tandard {ML}},
  author={MacQueen, David and Harper, Robert and Reppy, John},
  journal={Proceedings of the ACM on Programming Languages},
  volume={4},
  number={HOPL},
  pages={1--100},
  year={2020},
  publisher={ACM New York, NY, USA}
}

@article{plotkin2004origins,
  title={The origins of structural operational semantics},
  author={Plotkin, Gordon D},
  journal={The Journal of Logic and Algebraic Programming},
  volume={60},
  pages={3--15},
  year={2004},
  publisher={Elsevier}
}

@book{plotkin1981structural,
  title={A structural approach to operational semantics},
  author={Plotkin, Gordon D},
  year={1981},
  publisher={Aarhus university}
}

@inproceedings{Kahn1987NaturalS,
  title={Natural Semantics},
  author={Gilles Kahn},
  booktitle={STACS},
  year={1987}
}

@inproceedings{bove2009brief,
  title={A brief overview of {A}gda--a functional language with dependent types},
  author={Bove, Ana and Dybjer, Peter and Norell, Ulf},
  booktitle={International Conference on Theorem Proving in Higher Order Logics},
  pages={73--78},
  year={2009},
  organization={Springer}
}

@article{Dunfield_2022,
	doi = {10.1145/3450952},
 	url = {https://doi.org/10.1145%2F3450952},
 	year = 2022,
	month = {jun},
 	publisher = {Association for Computing Machinery ({ACM})},
 	volume = {54},
 	number = {5},
 	pages = {1--38},
 	author = {Jana Dunfield and Neel Krishnaswami},
 	title = {Bidirectional Typing},
 	journal = {{ACM} Computing Surveys}
}

@phdthesis{gundry2013type,
  title={Type inference, Haskell and dependent types},
  author={Gundry, Adam Michael},
  year={2013},
  school={University of Strathclyde}
}

@inproceedings{chlipala2005strict,
  title={Strict bidirectional type checking},
  author={Chlipala, Adam and Petersen, Leaf and Harper, Robert},
  booktitle={Proceedings of the 2005 ACM SIGPLAN international workshop on Types in languages design and implementation},
  pages={71--78},
  year={2005}
}

@article{pierce2000local,
  title={Local type inference},
  author={Pierce, Benjamin C and Turner, David N},
  journal={ACM Transactions on Programming Languages and Systems (TOPLAS)},
  volume={22},
  number={1},
  pages={1--44},
  year={2000},
  publisher={ACM New York, NY, USA}
}